% Bibliograf√≠a: Libros
% Recomiendo utilizar Google Scholar para descargar las citas de BibTeX
% https://scholar.google.com.mx/

@book{latexcompanion,
    author    = "Michel Goossens and Frank Mittelbach and Alexander Samarin",
    title     = "The \LaTeX\ Companion",
    year      = "1993",
    publisher = "Addison-Wesley",
    address   = "Reading, Massachusetts"
}

