% Bibliografía: Miscellaneous
% Recomiendo utilizar Google Scholar para descargar las citas de BibTeX
% https://scholar.google.com.mx/

@misc{knuthwebsite,
    author    = "Donald Knuth",
    title     = "Knuth: Computers and Typesetting",
    url       = "http://www-cs-faculty.stanford.edu/\~{}uno/abcde.html"
}


@misc{sep   ,
    author    = "Esteban Moctezuma Barragán",
    title     = "ACUERDO número 11/03/19 del Diario Oficial de la Federación",
    year = 2019
}

@misc{consulta,
    author          = "{Secretaría de educación, gobierno del estado de Jalisco}",
    title           = {Consulta escolar Jalisco},
    howpublished    = {[Online]  \url{https://play.google.com/store/apps/details?id=mx.gob.jalisco.edu.consultaescolar&hl=es}},
    year            = 2019
}


@misc{schoolway,
    author          = "{Mentormate}",
    title           = {Jostens Schoolway},
    howpublished    = {[Online] \url{https://mentormate.com/project/jostens-schoolway/}},
    year            = 2019
}


@misc{edmodo,
    author          = "{Edmodo, Inc}",
    title           = {Edmodo for Parents},
    howpublished    = {[Online] \url{https://play.google.com/store/apps/details?id=com.edmodo.parents&hl=es}},
    year            = 2019
}


@misc{classdojo,
    author          = "{Class Dojo}",
    title           = {ClassDojo: Aula y casa},
    howpublished    = {[Online] \url{https://play.google.com/store/apps/details?id=com.classdojo.android&hl=es}},
    year            = 2019
}


@misc{remind,
    author          = "{Remind101}",
    title           = {Remind: Comunicación segura},
    howpublished    = {[Online] \url{https://play.google.com/store/apps/details?id=com.remind101&hl=es}},
    year            = 2019
}


@misc{eduintegral,
    author    = "Marco Antonio Castañeda Castañeda",
    title     = "Generación de canal de comunicación entre maestro y padre de familia mediante la
creación de la aplicación movil Eduintegral",
    year = {Febrero, 2019}
}